%Khriplovich general spin papers


%This is the Khr original work!!
@Article{Khriplovich:1997ni,
     author    = "Khriplovich, I. B. and Pomeransky, A. A.",
     title     = "{Equations of Motion of Spinning Relativistic Particle in
                  External Fields}",
     journal   = "J. Exp. Theor. Phys.",
     volume    = "86",
     year      = "1998",
     pages     = "839-849",
     eprint    = "gr-qc/9710098",
     archivePrefix = "arXiv",
     doi       = "10.1134/1.558554",
     SLACcitation  = "%%CITATION = GR-QC/9710098;%%"
}

@Article{Khriplovich:2000ms,
     author    = "Khriplovich, I. B.",
     title     = "{Equations of motion of spinning relativistic particles}",
     year      = "2000",
     eprint    = "hep-th/0009218",
     archivePrefix = "arXiv",
     SLACcitation  = "%%CITATION = HEP-TH/0009218;%%"
}

@Article{Khriplovich:1998ev,
     author    = "Khriplovich, I. B. and Pomeransky, A. A.",
     title     = "{Equations of motion of spinning relativistic particle in
                  external fields}",
     journal   = "Surveys High Energ. Phys.",
     volume    = "14",
     year      = "1999",
     pages     = "145-173",
     eprint    = "gr-qc/9809069",
     archivePrefix = "arXiv",
     SLACcitation  = "%%CITATION = GR-QC/9809069;%%"
}



% CODATA reccomended values
@Article{RevModPhys.80.633,
  title = {CODATA recommended values of the fundamental physical constants: 2006},
  author = {Mohr, Peter J. and Taylor, Barry N. and Newell, David B.},
  journal = {Rev. Mod. Phys.},
  volume = {80},
  number = {2},
  pages = {633--730},
  numpages = {97},
  year = {2008},
  month = {Jun},
  doi = {10.1103/RevModPhys.80.633},
  publisher = {American Physical Society}
}


%EG article	
@Article{Eides:1997sq,
     author    = "Eides, Michael I. and Grotch, Howard",
     title     = "{Gyromagnetic ratios of bound particles}",
     journal   = "Annals Phys.",
     volume    = "260",
     year      = "1997",
     pages     = "191",
     eprint    = "hep-ph/9703400",
     archivePrefix = "arXiv",
     doi       = "10.1006/aphy.1997.5725",
     SLACcitation  = "%%CITATION = HEP-PH/9703400;%%"
}


@Article{Eides:2010gi,
     author    = "Eides, Michael I. and Martin, Timothy J. S.",
     title     = "{Universality of Leading Relativistic Corrections to Bound
                  State Gyromagnetic Ratios}",
     journal   = "Can. J. Phys.",
     volume    = "89(1)",
     year      = "2010",
     pages     = "",
     eprint    = "1009.3413",
     archivePrefix = "arXiv",
     primaryClass  =  "hep-ph",
     SLACcitation  = "%%CITATION = 1009.3413;%%"
}

%FM article
@article{doi:10.1139/p02-112,
	author = {Faustov, R N and Martynenko, A P},
	title = {Gyromagnetic factors of bound particles with arbitrary spin in quantum electrodynamics},
	journal = {Canadian Journal of Physics},
	volume = {80},
	number = {11},
	pages = {1365-1372},
	year = {2002},
	doi = {10.1139/p02-112},
	URL = {http://www.nrcresearchpress.com/doi/abs/10.1139/p02-112},
	eprint = {http://www.nrcresearchpress.com/doi/pdf/10.1139/p02-112}
}

%Review of hydrogenic atom measurements
@ARTICLE{2006IJMSp.251..152W,
   author = {{Werth}, G. and {Alonso}, J. and {Beier}, T. and {Blaum}, K. and 
	{Djekic}, S. and {H{\"a}ffner}, H. and {Hermanspahn}, N. and 
	{Quint}, W. and {Stahl}, S. and {Verd{\'u}}, J. and {Valenzuela}, T. and 
	{Vogel}, M.},
    title = "{Highly charged ions, quantum-electrodynamics, and the electron mass}",
  journal = {International Journal of Mass Spectrometry},
 keywords = {Quantum-electrodynamics, Electron mass, Magnetic moment},
     year = 2006,
    month = apr,
   volume = 251,
    pages = {152-158},
      doi = {10.1016/j.ijms.2006.01.046},
   adsurl = {http://adsabs.harvard.edu/abs/2006IJMSp.251..152W},
  adsnote = {Provided by the SAO/NASA Astrophysics Data System}
}


%%% renorm refs

@Article{Lepage:1997cs,
     author    = "Lepage, G. P.",
     title     = "{How to renormalize the Schroedinger equation}",
     year      = "1997",
     eprint    = "nucl-th/9706029",
     archivePrefix = "arXiv",
     SLACcitation  = "%%CITATION = NUCL-TH/9706029;%%"
}

@Article{Lepage:1989hf,
     author    = "Lepage, G. Peter",
     title     = "{What is Renormalization?}",
     year      = "1989",
     eprint    = "hep-ph/0506330",
     archivePrefix = "arXiv",
     SLACcitation  = "%%CITATION = HEP-PH/0506330;%%"
}

@Article{Kinoshita:1990ai,
     author    = "Kinoshita, Toichiro and Lepage, G. Peter",
     title     = "{Quantum electrodynamics for nonrelativistic systems and
                  high precision determinations of alpha}",
     note     = "CLNS-90-996"
}

@Article{Kinoshita:1998jfa,
     author    = "Kinoshita, T.",
     title     = "{NRQED approach to the hyperfine structure of the muonium
                  ground state}",
     year      = "1998",
     eprint    = "hep-ph/9808351",
     archivePrefix = "arXiv",
     SLACcitation  = "%%CITATION = HEP-PH/9808351;%%"
}

@Article{Labelle:1996en,
     author    = "Labelle, Patrick",
     title     = "{Effective field theories for QED bound states: Extending
                  nonrelativistic QED to study retardation effects}",
     journal   = "Phys. Rev.",
     volume    = "D58",
     year      = "1998",
     pages     = "093013",
     eprint    = "hep-ph/9608491",
     archivePrefix = "arXiv",
     doi       = "10.1103/PhysRevD.58.093013",
     SLACcitation  = "%%CITATION = HEP-PH/9608491;%%"
}


